@article{muller2013applications,
  title={Applications of large random matrices in communications engineering},
  author={M{\"u}ller, Ralf R and Alfano, Giusi and Zaidel, Benjamin M and de Miguel, Rodrigo},
  journal={arXiv preprint arXiv:1310.5479},
  year={2013}
}

@inproceedings{hadley2019capacity,
  title={Capacity Analysis of Asymmetric Multi-Antenna Relay Systems Using Free Probability Theory},
  author={Hadley, Lucinda and Qin, Zhijin and Ding, Zhiguo},
  booktitle={2019 IEEE 89th Vehicular Technology Conference (VTC2019-Spring)},
  pages={1--5},
  year={2019},
  organization={IEEE}
}

@article{wu2019intelligent,
  title={Intelligent reflecting surface enhanced wireless network via joint active and passive beamforming},
  author={Wu, Qingqing and Zhang, Rui},
  journal={IEEE Transactions on Wireless Communications},
  volume={18},
  number={11},
  pages={5394--5409},
  year={2019},
  publisher={IEEE}
}
