@article{muller2014blind,
  title={Blind pilot decontamination},
  author={M{\"u}ller, Ralf R and Cottatellucci, Laura and Vehkaper{\"a}, Mikko},
  journal={IEEE Journal of Selected Topics in Signal Processing},
  volume={8},
  number={5},
  pages={773--786},
  year={2014},
  publisher={IEEE}
}


@inproceedings{muller2012channel,
  title={Channel modelling of MU-MIMO systems by quaternionic free probability},
  author={M{\"u}ller, Ralf R and Cakmak, Burak},
  booktitle={2012 IEEE International Symposium on Information Theory Proceedings},
  pages={2656--2660},
  year={2012},
  organization={IEEE}
}

@article{muller2013applications,
  title={Applications of large random matrices in communications engineering},
  author={M{\"u}ller, Ralf R and Alfano, Giusi and Zaidel, Benjamin M and de Miguel, Rodrigo},
  journal={arXiv preprint arXiv:1310.5479},
  year={2013}
}

@inproceedings{hadley2019capacity,
  title={Capacity Analysis of Asymmetric Multi-Antenna Relay Systems Using Free Probability Theory},
  author={Hadley, Lucinda and Qin, Zhijin and Ding, Zhiguo},
  booktitle={2019 IEEE 89th Vehicular Technology Conference (VTC2019-Spring)},
  pages={1--5},
  year={2019},
  organization={IEEE}
}

@article{wu2019intelligent,
  title={Intelligent reflecting surface enhanced wireless network via joint active and passive beamforming},
  author={Wu, Qingqing and Zhang, Rui},
  journal={IEEE Transactions on Wireless Communications},
  volume={18},
  number={11},
  pages={5394--5409},
  year={2019},
  publisher={IEEE}
}

@article{belinschi2017analytic,
  title={Analytic subordination theory of operator-valued free additive convolution and the solution of a general random matrix problem},
  author={Belinschi, Serban T and Mai, Tobias and Speicher, Roland},
  journal={Journal f{\"u}r die reine und angewandte Mathematik (Crelles Journal)},
  volume={2017},
  number={732},
  pages={21--53},
  year={2017},
  publisher={De Gruyter}
}

@book{nica2006lectures,
  title={Lectures on the combinatorics of free probability},
  author={Nica, Alexandru and Speicher, Roland},
  volume={13},
  year={2006},
  publisher={Cambridge University Press}
}

@article{muller2002asymptotic,
  title={On the asymptotic eigenvalue distribution of concatenated vector-valued fading channels},
  author={Muller, Ralf R},
  journal={IEEE Transactions on Information Theory},
  volume={48},
  number={7},
  pages={2086--2091},
  year={2002},
  publisher={IEEE}
}

@article{zhang2019capacity,
  title={Capacity characterization for intelligent reflecting surface aided MIMO communication},
  author={Zhang, Shuowen and Zhang, Rui},
  journal={arXiv preprint arXiv:1910.01573},
  year={2019}
}

@article{telatar1999capacity,
  title={Capacity of multi-antenna Gaussian channels},
  author={Telatar, Emre},
  journal={European transactions on telecommunications},
  volume={10},
  number={6},
  pages={585--595},
  year={1999},
  publisher={Wiley Online Library}
}

@article{basar2019wireless,
  title={Wireless communications through reconfigurable intelligent surfaces},
  author={Basar, Ertugrul and Di Renzo, Marco and De Rosny, Julien and Debbah, Merouane and Alouini, Mohamed-Slim and Zhang, Rui},
  journal={IEEE Access},
  volume={7},
  pages={116753--116773},
  year={2019},
  publisher={IEEE}
}

@book{tulino2004random,
  title={Random matrix theory and wireless communications},
  author={Tulino, Antonia M and Verd{\'u}, Sergio and Verdu, Sergio},
  year={2004},
  publisher={Now Publishers Inc}
}

@book{mingo2017free,
  title={Free probability and random matrices},
  author={Mingo, James A and Speicher, Roland},
  volume={35},
  year={2017},
  publisher={Springer}
}

@article{akyildiz2018combating,
  title={Combating the distance problem in the millimeter wave and terahertz frequency bands},
  author={Akyildiz, Ian F and Han, Chong and Nie, Shuai},
  journal={IEEE Communications Magazine},
  volume={56},
  number={6},
  pages={102--108},
  year={2018},
  publisher={IEEE}
}

@inproceedings{martin2000multiple,
  title={Multiple-input multiple-output (MIMO) radio channel measurements},
  author={Martin, Carol C and Winters, Jack H and Sollenberger, Nelson R},
  booktitle={Vehicular Technology Conference Fall 2000. IEEE VTS Fall VTC2000. 52nd Vehicular Technology Conference (Cat. No. 00CH37152)},
  volume={2},
  pages={774--779},
  year={2000},
  organization={IEEE}
}


@article{loyka2001channel,
  title={Channel capacity of MIMO architecture using the exponential correlation matrix},
  author={Loyka, Sergey L},
  journal={IEEE Communications letters},
  volume={5},
  number={9},
  pages={369--371},
  year={2001},
  publisher={IEEE}
}

